@book{these,
  title={Design and Implementation of a Reflective Component-oriented Programming and Modeling Language},
  author={Petr SPACEK},
  year={2013}
}

@book{articleToRead,
title={"An Inheritance System for Structural \& Behavioral Reuse in Component-based Software Programming"},
author={Chouki Tibermacine, Luc Fabresse, Pert Spacek, Christophe Dony},
year={2012}
}

@book{rulesParseur,
author = {Jan Kurs, Guillaume Larcheveque, Lukas Renggli},
title = {PetitParser: Building Modular Parsers},
url = {http://pharobooks.gforge.inria.fr/PharoByExampleTwo-Eng/latest/PetitParser.pdf}
}

@book{dedal,
author = {Huaxi (Yulin) Zhang, Lei Zhang, Christelle Urtado, Sylvain Vauttier, Marianne Huchard},
title = {A three-level component model in component-based software development},
url = {http://www.lgi2p.ema.fr/~urtado/Papers/GPCE12.pdf}
}
